@article{dirstt1993baroque,
  title={Baroque Forecasting: On Completing JS Bach's Last Fugue},
  author={Dirstt, Matthew and Weigend, Andreas S and Dirst, Matthew},
  year={1993},
  publisher={Citeseer}
}
@InProceedings{Mahajan_2018_ECCV,
author = {Mahajan, Dhruv and Girshick, Ross and Ramanathan, Vignesh and He, Kaiming and Paluri, Manohar and Li, Yixuan and Bharambe, Ashwin and van der Maaten, Laurens},
title = {Exploring the Limits of Weakly Supervised Pretraining},
booktitle = {Proceedings of the European Conference on Computer Vision (ECCV)},
month = {September},
year = {2018}
}
@inproceedings{
  hawthorne2018enabling,
  title={Enabling Factorized Piano Music Modeling and Generation with the {MAESTRO} Dataset},
  author={Curtis Hawthorne and Andriy Stasyuk and Adam Roberts and Ian Simon and Cheng-Zhi Anna Huang and Sander Dieleman and Erich Elsen and Jesse Engel and Douglas Eck},
  booktitle={International Conference on Learning Representations},
  year={2019},
  url={https://openreview.net/forum?id=r1lYRjC9F7},
}

@article{googleLSTMtranslation,
  author    = {Yonghui Wu and
               Mike Schuster and
               Zhifeng Chen and
               Quoc V. Le and
               Mohammad Norouzi and
               Wolfgang Macherey and
               Maxim Krikun and
               Yuan Cao and
               Qin Gao and
               Klaus Macherey and
               Jeff Klingner and
               Apurva Shah and
               Melvin Johnson and
               Xiaobing Liu and
               Lukasz Kaiser and
               Stephan Gouws and
               Yoshikiyo Kato and
               Taku Kudo and
               Hideto Kazawa and
               Keith Stevens and
               George Kurian and
               Nishant Patil and
               Wei Wang and
               Cliff Young and
               Jason Smith and
               Jason Riesa and
               Alex Rudnick and
               Oriol Vinyals and
               Greg Corrado and
               Macduff Hughes and
               Jeffrey Dean},
  title     = {Google's Neural Machine Translation System: Bridging the Gap between
               Human and Machine Translation},
  journal   = {CoRR},
  volume    = {abs/1609.08144},
  year      = {2016},
  url       = {http://arxiv.org/abs/1609.08144},
  archivePrefix = {arXiv},
  eprint    = {1609.08144},
  timestamp = {Thu, 14 Jan 2021 12:12:19 +0100},
  biburl    = {https://dblp.org/rec/journals/corr/WuSCLNMKCGMKSJL16.bib},
  bibsource = {dblp computer science bibliography, https://dblp.org}
}

@INPROCEEDINGS{Eck02learningthe,
    author = {Douglas Eck and JÃ¼rgen Schmidhuber},
    title = {Learning the long-term structure of the blues},
    booktitle = {IN PROC. INTL. CONF},
    year = {2002},
    pages = {284--289},
    publisher = {}
}

@inproceedings{malhotra2015long,
  title={Long short term memory networks for anomaly detection in time series},
  author={Malhotra, Pankaj and Vig, Lovekesh and Shroff, Gautam and Agarwal, Puneet},
  booktitle={Proceedings},
  volume={89},
  pages={89--94},
  year={2015},
  organization={Presses universitaires de Louvain}
}



@article{LSTMSearchSpaceOdyssey,
  author    = {Klaus Greff and
               Rupesh Kumar Srivastava and
               Jan Koutn{\'{\i}}k and
               Bas R. Steunebrink and
               J{\"{u}}rgen Schmidhuber},
  title     = {{LSTM:} {A} Search Space Odyssey},
  journal   = {CoRR},
  volume    = {abs/1503.04069},
  year      = {2015},
  url       = {http://arxiv.org/abs/1503.04069},
  archivePrefix = {arXiv},
  eprint    = {1503.04069},
  timestamp = {Mon, 13 Aug 2018 16:46:33 +0200},
  biburl    = {https://dblp.org/rec/journals/corr/GreffSKSS15.bib},
  bibsource = {dblp computer science bibliography, https://dblp.org}
}

